@article{modarres2016protein,
  title={Protein thermostability engineering},
  author={Modarres, H Pezeshgi and Mofrad, MR and Sanati-Nezhad, AJRA},
  journal={RSC advances},
  volume={6},
  number={116},
  pages={115252--115270},
  year={2016},
  publisher={Royal Society of Chemistry}
}

@article{devlin2018bert,
  title={Bert: Pre-training of deep bidirectional transformers for language understanding},
  author={Devlin, Jacob and Chang, Ming-Wei and Lee, Kenton and Toutanova, Kristina},
  journal={arXiv preprint arXiv:1810.04805},
  year={2018}
}

@article{rives2021biological,
  title={Biological structure and function emerge from scaling unsupervised learning to 250 million protein sequences},
  author={Rives, Alexander and Meier, Joshua and Sercu, Tom and Goyal, Siddharth and Lin, Zeming and Liu, Jason and Guo, Demi and Ott, Myle and Zitnick, C Lawrence and Ma, Jerry and others},
  journal={Proceedings of the National Academy of Sciences},
  volume={118},
  number={15},
  year={2021},
  publisher={National Acad Sciences}
}

@dataset{engqvist_martin_karl_magnus_2018_1175609,
  author       = {Engqvist, Martin Karl Magnus},
  title        = {Growth temperatures for 21,498 microorganisms},
  month        = feb,
  year         = 2018,
  publisher    = {Zenodo},
  version      = {1.0.0},
  doi          = {10.5281/zenodo.1175609},
  url          = {https://doi.org/10.5281/zenodo.1175609}
}

@article{jang2017environmental,
  title={Environmental Escherichia coli: ecology and public health implications—a review},
  author={Jang, Jeonghwan and Hur, H-G and Sadowsky, Michael J and Byappanahalli, MN and Yan, Tao and Ishii, Satoshi},
  journal={Journal of applied microbiology},
  volume={123},
  number={3},
  pages={570--581},
  year={2017},
  publisher={Wiley Online Library}
}

@article{zaparty2010hot,
  title={“Hot standards” for the thermoacidophilic archaeon Sulfolobus solfataricus},
  author={Zaparty, Melanie and Esser, Dominik and Gertig, Susanne and Haferkamp, Patrick and Kouril, Theresa and Manica, Andrea and Pham, Trong K and Reimann, Julia and Schreiber, Kerstin and Sierocinski, Pawel and others},
  journal={Extremophiles},
  volume={14},
  number={1},
  pages={119--142},
  year={2010},
  publisher={Springer}
}